@misc{statista,
  AUTHOR="{Felix Richter}",
  title="The Diverse Potential of VR and AR Applications",
  NOTE="{Available online: \url{https://www.statista.com/chart/4602/virtual-and-augmented-reality-software-revenue/}, last retrieved: 19/01/2020}"
}

@misc{nasumVirtualis,
  AUTHOR="{David Matthew Whittinghill, Bradley Ziegler, James Moore, and Tristan Case}",
  title="Nasum Virtualis: A Simple Technique for Reducing Simulator Sickness",
  YEAR="2015",
  NOTE="{Abstract available online: \url{https://www.purdue.edu/newsroom/releases/2015/Q1/virtual-nose-may-reduce-simulator-sickness-in-video-games.html}, last retrieved 20.01.2020}"
}

@misc{gartnerPrediction,
  AUTHOR="{Matt Sparks}",
  title="Metafocus: How to Use Math to See the Future of VR and AR",
  YEAR="2018",
  NOTE="{Available online: \url{https://learningsolutionsmag.com/articles/metafocus-how-to-use-math-to-see-the-future-of-vr-and-ar}, last retrieved 20.01.2020}"
}

@misc{gartnerCounter,
  AUTHOR="{Iceventure}",
  title="Gartner entfernt die Technologien AR/VR aus dem Hype Cycle",
  NOTE="{Available online: \url{https://www.iceventure.de/blog/news/gartner-entfernt-die-technologien-ar-vr-aus-dem-hype-cycle.html}, last retrieved 20.01.2020}"
}

@misc{arMarker,
  AUTHOR="{Unknown}",
  title="What is Augmented Reality (AR) and How does it work",
  NOTE="{Available online: \url{https://thinkmobiles.com/blog/what-is-augmented-reality/}, last retrieved 21.01.2020}"
}

@misc{healthCare,
  AUTHOR="{Ian Pilkington}",
  title="Ten Ways VR and AR Are Transforming Healthcare",
  NOTE="{Available online: \url{https://www.arm.com/blogs/blueprint/ten-ways-vr-ar-transforming-healthcare}, last retrieved 21.01.2020}"
}

@misc{schizophrenia,
  AUTHOR="{University of Exeter}",
  title="‘Mirror game’ test could secure early detection of schizophrenia, study shows",
  NOTE="{Available online: \url{http://www.exeter.ac.uk/news/featurednews/title_567782_en.html}, last retrieved 21.01.2020}"
}

@misc{schizophrenia2,
  AUTHOR="{Słowiński, P., Alderisio, F., Zhai, C. et al.}",
  title="Unravelling socio-motor biomarkers in schizophrenia",
  NOTE="{Available online: \url{https://doi.org/10.1038/s41537-016-0009-x}, last retrieved: 22/01/2020}"
}

@article{phobia,
author = {Juan, M.-Carmen and Alcañiz Raya, Mariano and Monserrat, C. and Botella, Cristina and Baños, Rosa and Guerrero, Belen},
year = {2005},
month = {12},
pages = {31- 37},
title = {Using Augmented Reality to Treat Phobias},
volume = {25},
journal = {Computer Graphics and Applications, IEEE},
doi = {10.1109/MCG.2005.143}
}

@misc{googleExpeditionsVideo,
  AUTHOR="{Google Expeditions Video}",
  title="Expeditions AR - Bringing the world into the classroom",
  NOTE="{Video: \url{https://www.youtube.com/watch?v=-DYqlaMWTVg}, last retrieved: 22/01/2020}"
}

@misc{googleExpeditionsVRList,
  AUTHOR="{Google Expeditions VR List}",
  title="List of Available Expeditions",
  NOTE="{VR Expedition list: \url{https://docs.google.com/spreadsheets/d/1uwWvAzAiQDueKXkxvqF6rS84oae2AU7eD8bhxzJ9SdY/edit#gid=0}, last retrieved: 22/01/2020}"
}

@misc{military,
  AUTHOR="{Michael Morozov}",
  title="Augmented Reality in Military: AR Can Enhance Warfare and Training",
  NOTE="{Available online: \url{https://jasoren.com/augmented-reality-military/}, last retrieved: 23/01/2020}"
}

@misc{industry,
  AUTHOR="{Enrico Kabbe}",
  title="Augmented Reality and Virtual Reality in manufacturing and industry",
  NOTE="{Available online: \url{https://arts.eu/blog/augmented-reality-and-virtual-reality-in-manufacturing-and-industry}, last retrieved: 23/01/2020}"
}

@misc{food,
  AUTHOR="{Varun Bhagat}",
  title="How AR and VR Are Reshaping The Food Industry ?",
  NOTE="{Available online: \url{https://www.hostreview.com/blog/191010-how-ar-vr-are-reshaping-the-food-industry}, last retrieved: 23/01/2020}"
}

@article{servAR,
author = {Rollo et al.},
year = {2017},
title = {ServAR: An augmented reality tool to guide the serving of food.},
volume = {14},
journal = {Int J Behav Nutr Phys Act},
doi = {10.1186/s12966-017-0516-9}
}

@misc{realEstate,
  AUTHOR="{Gleb B.}",
  title="Five Innovative Ways You Can Use Virtual Reality in the Real Estate Business",
  NOTE="{Available online: \url{https://rubygarage.org/blog/virtual-reality-in-real-estate}, last retrieved: 23/01/2020}"
}

@misc{realEstateResearch,
  AUTHOR="{National Association of Realtors}",
  title="Profile of Home Staging",
  NOTE="{Available online: \url{https://www.nar.realtor/research-and-statistics/research-reports/profile-of-home-staging}, last retrieved: 23/01/2020}"
}

@book{dummies,
	title="Virtual \& Augmented Reality For Dummies",
	author="Paul Mealy",
	publisher="For Dummies; 1 edition",
	year="2018"
}